% A ------------------------------ %
@article{abraham14,
        Author = {Gad Abraham and Michael Inouye},
        Journal = {PLOS ONE},
        Pages = {1--5},
        Volume = {9},
        Title = {Fast principal component analysis of large-scale genome-wide data},
        Year = {2014}}

% B ------------------------------ %
@article{bach08,
        Author = {Bach, F. R.},
        Journal = {Journal of Machine Learning Research},
        Pages = {1179--1225},
        Volume = {9},
        Title = {Consistency of the group {Lasso} and multiple kernel learning},
        Year = {2014}}

@article{banerjee20,
        Author = {Sayantan Banerjee and Ismael Castillo
        and Subhashis Ghosal},
        Journal = {Springer volume on Data Science (to Appear)},
        Title = {Bayesian inference in high-dimensional models},
        Year = {2021}}

@article{blei17,
         Author = {David M. Blei and Alp Kucukelbir and Jon D. McAuliffe},
         Journal = {Journal of the American Statistical Association},
         Pages = {859--877},
         Volume = {518},
         Title = {Variational inference: A review for statisticians},
         Year = {2017}}  

@article{bhattacharya11,
        Author = {A. Bhattacharya and D. B. Dunson},
        Journal = {Biometrika},
        Pages = {291--306},
        Volume = {98},
        Title = {Sparse {Bayesian} infinite factor models},
        Year = {2011}}


@article{belitser17a,
         Author = {Belitser, E.},
         Journal = {Annals of Statistics},
         Pages = {1124-1151},
         Volume = {45},
         number = {3},
         Title = {On converage and local radial rates of credible sets},
         Year = {2017}}  
         
@article{belitser17c,
         Author = {Belitser, E. and Nurzhan Nurushev},
         Journal = {Preprint},
         Title = {Needles and straw in a haystack: {Robust} confidence for possibly sparse sequences},
         Year = {2017}}           

@article{belitser20,
        Author = {Eduard Belitser and Subhashis Ghosal},
        Journal = {Annals of Statistics},
        Title = {Empirical {Bayes} oracle uncertainty quantification for regression},
        Pages = {3113--3137},
        Volume = {48},
        Year = {2020}}

@article{bhat18,
Author = {Anirban Bhattacharya and Debdeep Pati and Yun
Yang},
Journal = {Annals of Statistics (to appear)},
Title = {Bayesian fractional posterior},
Year = {2018}}
        
@book{bouc13,
         Author = {St\'ephane Boucheron and G\'abor Lugosi and Pascal Massart},
         publisher = {Oxford University Press},
         Title = {Concentration Inequalities: {A} Nonasymptotic Theory of Independence},
         Year = {2013}} 

@book{buhl11,
         Author = {P. B\"uhlmann and S. van der Geer},
         publisher = {Springer-Verlag},
         Title = {Statistics for High-dimensional Data: Methods, Theory and Applications},
         Year = {2011}}           

@article{bouveyron18,
    Author = "Charles Bouveyron and Pierre Latouche and Pierre-Alexandre Mattei",
    Title = "Bayesian variable selection for globally sparse probabilistic {PCA}",
    Year = {2018},
    volume = {12},
    Journal = "Electronic Journal of Statistics",
    pages = "3036--3070"
    }

% C ------------------------------ %
@article{cai13,
author = "Cai, Tony and Ma, Zongming and Wu, Yihong",
journal = "Annals of Statistics",
number = "6",
pages = "3074--3110",
publisher = "The Institute of Mathematical Statistics",
title = "Sparse {PCA}: {Optimal} rates and adaptive estimation",
volume = "41",
year = "2013"
}

@Article{cai15,
author="Cai, Tony and Ma, Zongming
and Wu, Yihong",
title="Optimal estimation and rank detection for sparse spiked covariance matrices",
journal="Probability Theory and Related Fields",
year="2015",
volume="161",
number="3",
pages="781--815"
}

@article{carbonetto12,
author = "Carbonetto, P. and Stephens, M.",
title = "Scalable variational inference for {Bayesian}
variable selection in regression, and its accuracy in genetic association studies.",
year = "2012",
journal = "Bayesian Analysis",
number = "1",
volume = "7",
pages = "73--108"
}


@article{camacho19,
author = {J. Camacho and A. K. Smilde and E. Saccenti and J. A. Westerhuis},
title = {All sparse {PCA} models are wrong, but some are useful. {Part I}: Computation of scores, residuals, and explained variance},
Journal = {arXiv:1907.03989},
Year = {2019}}


@article{carp17,
        Author = {Alexandra Carpentier and Olga Klopp and Matthias L\"offler and Richard Nickl},
        Journal = {arXiv:1608.04861v2},
        Title = {Adaptive confidence sets for matrix completion},
        Year = {2017}}
        
@article{carl10,
 author = {Carlos M. Carvalho and Nicholas G. Polson and James G. Scott},
 journal = {Biometrika},
 number = {2},
 pages = {465--480},
 publisher = {[Oxford University Press, Biometrika Trust]},
 title = {The horseshoe estimator for sparse signals},
 volume = {97},
 year = {2010}
}

@article{carv10,
        Author = {Carlos M. Carvalho and Nicholas G. Polson and James G. Scott},
        Journal = {Biometrika},
        Title = {The horseshoe estimator for sparse signals},
        Year = {2010},
        Volume = {97},
        Pages = {465--480}
        }

@article{cast10,
         Author = {Isma\"el Castillo},
         Journal = {Probability Theory Related Fields},
         Pages = {53--99},
         Volume = {152},
         Title = {A semiparametric {Bernstein-von} {Mises} theorem for {Gaussian} process priors},
         Year = {2010}}  

@article{cast12,
         Author = {Isma\"el Castillo and Aad van der Vaart},
         Journal = {Annals of Statistics},
         Pages = {2069--2101},
         Volume = {40},
         Title = {Needles and {straw} in a {haystack}: {Posterior} concentration for possibly sparse sequences},
         Year = {2012}}  

@article{cast15,
         Author = {Isma\"el Castillo and Johannes Schmidt-Hieber and Aad van der Vaart},
         Journal = {Annals of Statistics},
         Pages = {1986--2018},
         Volume = {43},
         Title = {Bayesian linear regression with sparse priors},
         Year = {2015}}  
         
@article{cast20,
         Author = {Isma\"el Castillo and Botond Szab\'o},
         Journal = {Bernoulli},
         Volume = {26},
         Pages = {127--158},
         Title = {Spike and slab empirical {Bayes} sparse credible sets},
         Year = {2020}}   
         
@article{cast20,
         Author = {Isma\"el Castillo and \'Etienne Roquain},
         Journal = {Annals of Statistics (to appear)},
         Title = {On spike and slab empirical {Bayes} multiple testing},
         Year = {2020}}           

@article{chae16,
         Author = {Minwoo Chae and Lizhen Lin and David B. Dunson},
         Journal = {arXiv:1608.02143},
         Title = {Bayesian sparse linear regression with unknown symmetric error},
         Year = {2016}}   

@article{chen16,
    author = {Ray-Bing Chen and Chi-Hsiang Chu and Shinsheng Yuan and Ying Nian Wu},
    title = {Bayesian sparse group selection},
    journal = {Journal of Computational and Graphical Statistics},
    volume = {25},
    number = {3},
    pages = {665-683},
    year  = {2016},
    publisher = {Taylor & Francis},
    doi = {10.1080/10618600.2015.1041636}}

% D ------------------------------ %
@article{davis17,
    Author = {Allen B. Davis and Jessi Cisewski and Xavier Dumusque and Debra A. Fischer and Eric B. Ford},
    Journal = {The Astrophysical Journal},
    Title = {Insights on the spectral signatures of stellar activity and planets from {PCA}},
    Year = {2017},
    Pages = {9 pages},
    Volume = {846}}

@article{dempster77,
Author = {A. P. Dempster and N. M. Laird and D. B. Rubin},
Journal = {Journal of the Royal Statistical Society: Series B},
Title = {Maximum Likelihood from Incomplete Data Via the {EM} Algorithm},
Year = {1977},
Pages = {1--22},
Volume = {39}}
    
% E ------------------------------ %
@article{evgeniou07,
         Author = {T. Evgeniou and M. Pontil and O. Toubia},
         Journal = {Marketing Science},
         Title = {A convex optimization approach to modeling consumer heterogeneity in conjoint estimation},
         Pages = {805--818},
         Volume = {26},
         Year = {2007}}  

@article{erichson20,
         Author = {N. Benjamin Erichson and Peng Zheng and Krithika Manohar and Steven L. Brunton and J. Nathan Kutz and Aleksandr Y. Aravkin},
         Journal = {SIAM Journal on Applied Mathematics},
         Volume = {80},
         Pages = {977--1002},
         Title = {Sparse principal component analysis via variable projection},
         Year = {2020}}          
         
% G ------------------------------ % 
@article{gao15, 	
	     Author = {Chao Gao and Harrison H. Zhou},
         Journal = {Annals of Statistics},
         Title = {Rate-optimal posterior contraction rate for sparse {PCA}},
         Pages = {785--818},
         Volume = {43},
         Year = {2015}}
         
@article{gao15supp, 	
	     Author = {Chao Gao and Harrison H. Zhou},
         Journal = {Annals of Statistics},
         Title = {Supplement to ``Rate-optimal posterior contraction rate for sparse {PCA}''},
         Pages = {1--15},
         Volume = {43},
         Year = {2015}}           

@article{gao20, 	
	     Author = {Chao Gao and Aad van der Vaart and Harrison H. Zhou},
         Journal = {Annals of Statistics},
         Title = {A general framework for {Bayes} structured linear models},
         Pages = {2848--2878},
         Volume = {48},
         Year = {2020}}

@article{george93,
	Author = {Edward I. George and Robert E. McCulloch},
	Journal = {Journal of the American Statistical Association},
	Pages = {881--889},
	Title = {Variable Selection via {Gibbs} Sampling},
	Volume = {88},
	Number = {423},
	Year = {1993}}
	
@article{george97,
	Author = {Edward I. George and Robert E. McCulloch},
	Journal = {Statistica Sinica},
	Pages = {339--373},
	Title = {Approaches for {Bayesian} variable selection},
	Volume = {7},
	Year = {1997}}

@article{ghosh09,
author = {Joyee Ghosh and David B. Dunson},
title = {Default Prior Distributions and Efficient Posterior Computation in {Bayesian} Factor Analysis},
journal = {Journal of Computational and Graphical Statistics},
volume = {18},
number = {2},
pages = {306-320},
year  = {2009}}


@article{ghosal00,
         Author = {Subhashis Ghosal and Jayanta K. Ghosh and Aad van der Vaart},
         Journal = {Annals of Statistics},
         Title = {Convergence rates of posterior distributions},
         Pages = {500-531},
         Volume = {28},
         Year = {2000}}  

@book{ghosal17,
         Author = {Subhashis Ghosal and Aad van der Vaart},
         Publisher = {Cambridge University Press},
         Title = {Fundamentals of Nonparametric Bayesian Inference},
         Year = {2017}}  
         
         
@article{greenlaw17,
    author = {Greenlaw, Keelin and Szefer, Elena and Graham, Jinko and Lesperance, Mary and Nathoo, Farouk S. and For the Alzheimer's Disease Neuroimaging Initiative},
    title = {A {Bayesian} group sparse multi-task regression model for imaging genetics},
    journal = {Bioinformatics},
    volume = {33},
    number = {16},
    pages = {2513-2522},
    year = {2017}}         

@article{guan09,
    author = {Yue Guan and Jennifer Dy},
    title = {Sparse probabilistic principal component analysis},
    journal = {Proceedings of the Twelfth International Conference on Artificial Intelligence and Statistics},
    year = {2009},
    volume = {5},
    pages = {185--192}
    }

% H ------------------------------ %
@article{huang10,
        Author = {Junzhou Huang and Tong Zhang},
        Journal = {Annals of Statistics},
        Title = {The benefit of group sparsity},
        Pages = {1978--2004},
        Volume = {38},
        Year = {2010}}
        
@article{huang16,
	Author = "Xichen Huang and Jin Wang and Feng Liang",
	Journal = "arXiv:1602.07640",
	Title = "A variational algorithm for {Bayesian} variable selection",
	Year = {2016}}

% J ------------------------------ %
@article{jeong20,
	author = "Seonghyun Jeong and Subhashis Ghosal",
	journal = "arXiv:2008.10230",
	title = "Unified {Bayesian} asymptotic theory for sparse linear regression",
	year = "2020"}

@article{johnstone09,
author = "Johnstone, Iain M. and Arthur Yu Lu",
journal = "Journal of American Statistical Association",
pages = "682--693",
title = "On consistency and sparsity for principal components analysis in high dimensions",
volume = "104",
year = "2009"
}

@article{johnstone01,
author = "Johnstone, Iain M.",
journal = "Annals of Statistics",
pages = "295--327",
title = "On the distribution of the largest principal component",
volume = "29",
year = "2001"
}

@article{johnstone04,
author = "Johnstone, Iain M. and Silverman, Bernard W.",
doi = "10.1214/009053604000000030",
journal = "Annals of Statistics",
number = "4",
pages = "1594--1649",
publisher = "The Institute of Mathematical Statistics",
title = "Needles and straw in haystacks: {Empirical} {Bayes} estimates of possibly sparse sequences",
url = "https://doi.org/10.1214/009053604000000030",
volume = "32",
year = "2004"
}

% K ------------------------------ %   
@article{knowles11,
		Author = {Davis Knowles and Zoubin Ghahramani},
		Journal = {Annals of Applied Statistics},
       Title = {Nonparametric {Bayesian} sparse factor models with application to gene expression modeling},
       Pages = {1534--1552},
       Volume = {5},
       Year = {2011}} 

 
 @article{kyung10,
         Author = {Kyung, M and Gill, J. and Ghosh, M. and Casella, G.},
         Journal = {Bayesian Analysis},
         Title = {Penalized regression, standard error, and {Bayesian} Lassos},
         Pages = {369--411},
         Volume = {5},
         Year = {2010}} 

% L ----------------------------- %
@articule{lee10,
author = "Mihee Lee and Haipeng Shen and Jianhua Z. Huang and J. S. Marron",
Journal = {Biometrics},
Title = {Biclustering via sparse singular value decomposition},
Pages = {1087--1095},
Volume = {66},
Year=  {2010}}


@article{li17,
    author = "Ziyi Li and Sandra E. Safo and Qi Long",
    journal = "BMC Bioinformatics",
    volumn = "18",
    pages = "12 pages",
    title = "Incorporating biological information in sparse principal component analysis with application to genomic data",
    year = "2017"}

@article{liu98,
        author = "Liu, Chuanhai and Donald B. Rubin and Ying Nian Wu",
    journal = "Biometrika",
    number = "4",
    pages = "755--770",
    title = "Parameter expansion to accelerate {EM}: The {PX-EM} algorithm",
    volume = "85",
    year = "1998"}
    
@article{liu18,
author = "Chang Liu and Yue Yang and Howard Bondell and Ryan Martin",
journal = "Unpublished manuscript",
year = "2018",
title = "Bayesian inference in high-dimensional linear models using an empirical correlation-adaptive prior"}    

  @article{lounici09,
         Author = {Karim Lounici and Massimiliano Pontil and Alexandre B. Tsybakov and Sara van de Geer},
         Journal = {In Proceedings of the 22nd Annual Conference on Learning Theory (COLT-2009)},
         Title = {Taking advantage of sparsity in multi-task learning},
         Pages = {73--82},
         Year = {2009}} 

 @article{lounici11,
         Author = {Karim Lounici and Massimiliano Pontil and van de Geer, Sara and Alexandre B. Tsybakov},
         Journal = {Annals of Statistics},
         Title = {Oracle inequalities and optimal inference under group sparsity},
         Pages = {2164--2204},
         Volume = {39},
         Year = {2011}} 

% M ----------------------------- %
@article{martin17b,
Author = "Ryan Martin",
Journal = "Bayesian Analysis",
Title = {Invited comment on the article---``{Uncertainty} quantification for the horseshoe''---by {S. van der Pas}, {B. Szab\'o}, and {A. van der Vaart}},
Pages = "1254--1258",
Volume = "12",
Year = "2017"}


@article{martin17,
        Author = {Ryan Martin and Mess, R. and Walker, S. G},
        Journal = {Bernoulli},
        Title = {Empirical {Bayes} posterior concentration in sparse high-dimensional linear models},
        Pages = {1822--1857},
        Volume = {23},
        Year = {2017}}

@article{martin20,
        Author = {Ryan Martin and Bo Ning},
        Journal = {Sankhya A},
        Title = {Empirical priors and coverage of posterior credible sets in a sparse normal mean model},
        Pages = {477--498},
        Volume = {82},
        Year = {2020}}

@book{muirhead82,
         Author = {Robb J. Muirhead},
         publisher = {John Wiley \& Sons, Inc.},
         Title = {Aspects of Multivariate Statistical Theory},
         Year = {1982}}
         
@article{ming06,
        Author = {Ming Yuan and Yi Lin},
        Journal = {Journal of Royal Statistical Society: Series B},
        Title = {Model selection and estimation in regression with grouped variables},
        Pages = {49--67},
        Volume = {68},
        Year = {2006}}
        
% N ------------------------------ %
@article{nickl13,
author = "Nickl, Richard and van de Geer, Sara",
doi = "10.1214/13-AOS1170",
journal = "Annals of Statistics",
number = "6",
pages = "2852--2876",
publisher = "The Institute of Mathematical Statistics",
title = "Confidence sets in sparse regression",
url = "https://doi.org/10.1214/13-AOS1170",
volume = "41",
year = "2013"
}

@article{ning19,
author = "Ning, Bo and Ghosal, Subhashis and Thomas, Jewell",
journal = "Bayesian Analysis.",
number = "1",
pages = "1--28",
publisher = "International Society for Bayesian Analysis",
title = "Bayesian Method for Causal Inference in Spatially-Correlated Multivariate Time Series",
volume = "14",
year = "2019"
}



@article{ning20,
author = "Ning, Bo and Seonghyun Jeong and Subhashis Ghosal",
journal = "Bernoulli",
title = "Bayesian linear regression for multivariate responses under group sparsity",
volume = "26",
pages = "2353--2382",
year = "2020"
}

% O ------------------------------ %
@article{oksanen88,
author = {E.H. Oksanen},
title = {Principal components in econometrics},
pages = {2507--2532},
journal = {Communications in Statistics-Theory and Methods},
year = {1988},
volume = {17}
}


@article{ohn22,
author = "Ilsang Ohn and Yongdai Kim",
journal = "Bayesian Analysis",
number = "17",
pages = "491--514",
title = "Posterior Consistency of Factor Dimensionality in High-Dimensional Sparse Factor Models",
volume = "2",
year = "2022"
}

% P ------------------------------ %
@article{pati14,
author = "Pati, Debdeep and Bhattacharya, Anirban and Pillai, Natesh S. and Dunson, David",
journal = "Annals of Statistics",
number = "3",
pages = "1102--1130",
publisher = "The Institute of Mathematical Statistics",
title = "Posterior contraction in sparse {Bayesian} factor models for massive covariance matrices",
volume = "42",
year = "2014"
}

@article{paul07,
author = "Debashis Paul",
journal = "Statistica Sinica",
number = "4",
volume = "17",
year = "2007",
pages = "1617--1642",
title = "Asymptotics of sample eigenstructure for a large dimensional spiked covariance model"
}

% R ------------------------------ %
@article{ray20,
    author = "Kolyan Ray and Botond Szab\'o",
    journal = "arXiv:1904.07150",
    title = "Variational {Bayes} for high-dimensional linear regression with sparse priors",
    year = "2020"}

@article{rapach19,
    author = "Rapach, David and Zhou, Guofu", 
    journal = "Available at SSRN: \url{https://ssrn.com/abstract=3259447}",
    title = "Sparse Macro Factors",
    year = "2019"}
    
@article{rockova14,
    author = "Ro\v{c}kov\'a, Veronika and Lesaffre, Emmanuel",
    journal = "Bayesian Analysis",
    number = "1",
    pages = "221--258",
    publisher = "International Society for Bayesian Analysis",
    title = "Incorporating grouping information in {Bayesian} variable selection with applications in genomics",
    volume = "9",
    year = "2014"}
    
@article{rockova14b,
    author = "Ro\v{c}kov\'a, Veronika and Edward I. George",
    journal = "Journal of the American Statistical Association",
    pages = "828--846",
    title = "{EMVS}: {The} {EM} approach to {Bayesian} variable selection",
    volume = "109",
    year = "2014"}    

@article{rockova16,
    author = "Ro\v{c}kov\'a, Veronika and Edward I. George",
    journal = "Journal of the American Statistical Association",
    pages = "1608--1622",
    title = "Fast {Bayesian} factor analysis via automatic rotations to sparsity",
    volume = "111",
    year = "2016"}    
    
 @article{rockova18a,
    author = "Ro\v{c}kov\'a, Veronika and Edward I. George",
    journal = "Journal of the American Statistical Association",
    pages = "431--444",
    title = "The spike-and-slab lasso",
    volume = "113",
    year = "2018"}       

@article{rockova18b,
author = "Veronika Ro\v{c}kov\'a",
journal = "Annals of Statistics",
number = "1",
pages = "401--437",
publisher = "The Institute of Mathematical Statistics",
title = "Bayesian estimation of sparse signals with a continuous spike-and-slab prior",
volume = "46",
year = "2018"
}

% S ----------------------------- %
@InProceedings{sigg08,
    author = {Christian D. Sigg and Joachim M. Buhmann},
    title = {Expectation-Maximization for Sparse and Non-Negative PCA},
    booktitle = {Proc. 25th International Conference on Machine
      Learning},
    year = {2008},
    doi = {10.1145/1390156.1390277},
  }

% T ----------------------------- %
@article{tipping99,
author = "Michael E. Tipping and Christopher M. Bishop",
journal = "Journal of the Royal Statistical Society. Series B",
number = "3",
pages = "611-622",
title = "Probabilistic Principal Component Analysis",
volume = "61",
year = "1999"
}

% V ----------------------------- %
@book{varmuza09,
         Author = {Varmuza, K. and Filzmoser, P.},
         publisher = {CRC Press, Boca Raton, FL},
         Title = {Introduction to Multivariate Statistical Analysis in Chemometrics},
         Year = {2009}}


@article{vdp14,
        author = {van der Pas, S. L. and Kleijn, B. J. K. and van der Vaart, A. W.},
        doi = "10.1214/14-EJS962",
        journal = {Electronic Journal of Statistics},
        number = {2},
        pages = {2585--2618},
        publisher = {The Institute of Mathematical Statistics and the Bernoulli Society},
        title = {The horseshoe estimator: {Posterior} concentration around nearly black vectors},
        url = "https://doi.org/10.1214/14-EJS962",
        volume = {8},
        year = {2014}
}

@article{vdp17,
        author = {van der Pas, St\'ephanie and Szab\'o, Botond and van der Vaart, Aad},
        doi = {10.1214/17-BA1065},
        journal = {Bayesian Analysis},
        number = {4},
        pages = {1221--1274},
        publisher = {International Society for Bayesian Analysis},
        title = {Uncertainty quantification for the horseshoe (with discussion)},
        url = "https://doi.org/10.1214/17-BA1065",
    volume = "12",
    year = "2017"}

@article{vu13,
author = "Vu, Vincent Q. and Lei, Jing",
doi = "10.1214/13-AOS1151",
journal = "Annals of Statistics",
number = "6",
pages = "2905--2947",
publisher = "The Institute of Mathematical Statistics",
title = "Minimax sparse principal subspace estimation in high dimensions",
volume = "41",
year = "2013"
}

% W ----------------------------- %
@article{wang19,
        title = {Frequentist consistency of Variational {Bayes}},
        journal = {Journal of the American Statistical Association},
        author = {Yixin Wang and David M. Blei},
        volume = {114},
        pages = {1147--1161},
        year = {2019}}

% X ----------------------------- %
@article{xie18,
    author = "Fangzheng Xie and Yanxun Xu and Carey E. Priebe and Joshua Cape",
    journal = "arXiv preprint",
    title = "Bayesian estimation of sparse spiked covariance matrices in high dimensions",
    year = "2018"}

% Y ----------------------------- %
@article{yang20,
        author = "Yun Yang and Debdeep Pati and Anirban Bhattacharya",
        title = "$\alpha$-variational inference with statistical guarantees", 
        journal = "Annals of Statistics",
        volume = {48},
        pages = "886--905",
        year = "2020"}
        
@article{yang20b,
		author = "Yue Yang and Ryan Martin",
		title = "Variational approximations of empirical Bayes posteriors in high-dimensional linear models",
		journal = "arXiv:2007.15930",
		year = "2020"}

% Z ----------------------------- %
@article{zou06a,
	Author={Hui Zou},
	Journal={Journal of the American Statistical Association},
	Year={2006},
	Title={The Adaptive Lasso and Its Oracle Properties},
	Volumn = {101},
	pages = {1418--1429}}

@article{zou06,
	Author={Hui Zou and Trevor Hastie and Robert Tibshirani},
	Journal={Journal of Computational and Graphical Statistics},
	Year={2006},
	Title={Sparse principal component analysis},
	Volumn = {15},
	pages = {265--286}}
	
@ARTICLE{zou18, 
author={H. {Zou} and L. {Xue}}, 
journal={Proceedings of the IEEE}, 
title={A selective overview of sparse principal component analysis}, 
year={2018}, 
volume={106}, 
number={8}, 
pages={1311-1320}}

@article{zhang12,
	Author={Cun-Hui Zhang and Tong Zhang},
	Journal={Statistical Science},
	Year={2012},
	Title={A general theory of concave regularization for high-dimensional sparse estimation problems},
	Volume = {27},
	pages = {576--593}}

@article{zhang20,
	Author={Fengshuo Zhang and Chao Gao},
	Journal={Annals of Statistics},
	Year={2020},
	Volume = {48},
	pages = {2180--2207},
	Title={Convergence rates of variational posterior distributions}}

@article{zhang17,
	Author={Anderson Y. Zhang and Harrison H. Zhou},
	Year={2017},
	Title={Theoretical and computational guarantees of mean field variational inference for community detection},
	volume = {arXiv preprint}}
	
